
@article{renda_screw-based_2017,
	title = {Screw-Based Modeling of Soft Manipulators With Tendon and Fluidic Actuation},
	volume = {9},
	issn = {1942-4302},
	url = {https://asmedigitalcollection.asme.org/mechanismsrobotics/article/9/4/041012/473158/Screw-Based-Modeling-of-Soft-Manipulators-With},
	doi = {10.1115/1.4036579},
	number = {4},
	journaltitle = {Journal of Mechanisms and Robotics},
	shortjournal = {J. Mechanisms Robotics},
	author = {Renda, Federico and Cianchetti, Matteo and Abidi, Haider and Dias, Jorge and Seneviratne, Lakmal},
	urldate = {2020-11-30},
	date = {2017-08-01},
	langid = {english},
	note = {Publisher: American Society of Mechanical Engineers Digital Collection},
	file = {Screw-Based Modeling of Soft Manipulators With Tendon and Fluidic Actuation:/home/andrea/Zotero/storage/P4XZCQAI/Renda et al. - 2017 - Screw-Based Modeling of Soft Manipulators With Ten.pdf:application/pdf;Snapshot:/home/andrea/Zotero/storage/52KIM93T/Screw-Based-Modeling-of-Soft-Manipulators-With.html:text/html},
}

@article{boyer_macro-continuous_2006,
	author = {Boyer, Frédéric and Porez, Mathieu and Khalil, Wisama},
	year = {2006},
	title = {Macro-continuous computed torque algorithm for a three-dimensional eel-like robot},
	journaltitle = {{IEEE} Transactions on Robotics},
	pages = {563--775},
}

@article{walker_efficient_1982,
	author = {Walker, M. W. and Orin, D. E.},
	year = {1982},
	title = {Efficient Dynamic Computer Simulation of Robotic Mechanisms},
	journaltitle = {Journal of Dynamic Systems, Measurement, and Control},
	volume = {104},
	number = {3},
	pages = {205--211}
}

@article{gazzola_forward_nodate,
	title = {Forward and inverse problems in the mechanics of soft filaments},
	year = {2018},
	journaltitle = {Royal Society Open Science},
	volume = {5},
	number = {6}
}

@unpublished{boyer_dynamics_2019,
	author = {Boyer, Frédéric and Lebastard, Vincent and Candelier, Fabien and Renda, Federico},
	year = {2019},
	title = {Forward dynamics of continuum and soft robots: a strain
parametrization based approach},
	journaltitle = {IEEE Transactions on Robotics},
	pages = {1--17}
	
}

@inproceedings{bergou_discrete_2008,
	author = {Bergou, Miklós and Wardetzky, Max and Robinson, Stephen and Audoly, Basile and Grinspun, Eitan},
	year = {2008},
	title = {Discrete elastic rods},
	publisher = {Association for Computing Machinery},
	pages = {1--12}
}

@article{till_real-time_2019,
	author = {Till, John and Aloi, Vincent and Rucker, Caleb},
	year = {2019},
	title = {Real-time dynamics of soft and continuum robots based on Cosserat rod models:},
	journaltitle = {The International Journal of Robotics Research},
	volume = {38},
	number = {6},
	pages = {723--746}
}

@article{weeger_isogeometric_2017,
	author = {Weeger, Oliver and Narayanan, Bharath and De Lorenzis, Laura and Kiendl, Josef and Dunn, Martin L.},
	year = {2017},
	title = {An isogeometric collocation method for frictionless contact of Cosserat rods},
	journaltitle = {Computer Methods in Applied Mechanics and Engineering},
	volume = {321},
	pages = {361--382}
}

@article{weeger_isogeometric_2018,
	author = {Weeger, Oliver and Narayanan, Bharath and Dunn, Martin L.},
	year = {2018},
	title = {Isogeometric collocation for nonlinear dynamic analysis of Cosserat rods with frictional contact},
	journaltitle = {Nonlinear Dynamics},
	volume = {91},
	number = {2},
	pages = {1213--1227}	
}

@article{weeger_isogeometric_2017-1,
	author = {Weeger, Oliver and Yeung, Sai-Kit and Dunn, Martin L.},
	year = {2017},
	title = {Isogeometric collocation methods for Cosserat rods and rod structures},
	journaltitle = {Computer Methods in Applied Mechanics and Engineering},
	volume = {316},
	pages = {100--122}
}

@article{weeger_fully_2018,
	author = {Weeger, Oliver and Yeung, Sai-Kit and Dunn, Martin L.},
	year = {2018},
	title = {Fully isogeometric modeling and analysis of nonlinear 3D beams with spatially varying geometric and material parameters},
	journaltitle = {Computer Methods in Applied Mechanics and Engineering},
	volume = {342},
	pages = {95--115}
}

@article{agrawal_varying-order_2020,
	author = {Agrawal, Vishal and Gautam, Sachin S.},
	year = {2020},
	title = {Varying-order {NURBS} discretization: An accurate and efficient method for isogeometric analysis of large deformation contact problems},
	journaltitle = {Computer Methods in Applied Mechanics and Engineering},
	volume = {367}
}

@article{schillinger_isogeometric_2013,
	author = {Schillinger, Dominik and Evans, John A. and Reali, Alessandro and Scott, Michael A. and Hughes, Thomas J. R.},
	year = {2013},
	title = {Isogeometric collocation: Cost comparison with Galerkin methods and extension to adaptive hierarchical {NURBS} discretizations},
	journaltitle = {Computer Methods in Applied Mechanics and Engineering},
	volume = {267},
	pages = {170--232}	
}

@book{piegl_nurbs_1997,
	author = {Piegl, Les A. and Tiller, Wayne},
	year = {1997},
	title = {The {NURBS} book},
	series = {Monographs in visual communications},
	pagetotal = {646},
	publisher = {Springer}
}

@inproceedings{bryson_toward_2014,
	author = {Bryson, C. E. and Rucker, D. C.},
	year = {2014},
	title = {Toward parallel continuum manipulators},
	journaltitle = {IEEE International Conference on Robotics & Automation (ICRA)},
	pages = {778--785}
}

@article{lourakis_brief_nodate,
	author = {Lourakis, Manolis I A},
	year = {2005},
	title = {A Brief Description of the Levenberg-Marquardt Algorithm Implemened by levmar},
	journaltitle = {Institute of Computer Science
Foundation for Research and Technology - Hellas (FORTH)},
	pages = {6}
}

@inproceedings{till_efficient_2015,
	author = {Till, J. and Bryson, C. E. and Chung, S. and Orekhov, A. and Rucker, D. C.},
	year = {2015},
	title = {Efficient computation of multiple coupled Cosserat rod models for real-time simulation and control of parallel continuum manipulators},
	
	journaltitle = {2015 {IEEE} International Conference on Robotics and Automation ({ICRA})},
	pages = {5067--5074},
}

@article{florian_geometrically_2020,
	author = {Florian, Surmont and Damien, Coache},
	year = {2020},
	title = {Geometrically exact static 3D Cosserat rods problem solved using a shooting method},
	journaltitle = {International Journal of Non-Linear Mechanics},
	volume = {119}
}

@article{black_parallel_2018,
	author = {Black, C. B. and Till, J. and Rucker, D. C.},
	year = {2018},
	title = {Parallel Continuum Robots: Modeling, Analysis, and Actuation-Based Force Sensing},
	journaltitle = {{IEEE} Transactions on Robotics},
	volume = {34},
	number = {1},
	pages = {29--47}
}

@book{selig_geometric_2005,
	author = {Selig, J. M.},
	year = {2005},
	title = {Geometric Fundamentals of Robotics},
	edition = {2},
	publisher = {Springer-Verlag}	
}

@article{black_modeling_2017,
	author = {Black, Caroline},
	year = {2017},
	title = {Modeling, Analysis, Force Sensing and Control of Continuum Robots for Minimally Invasive Surgery},
	journaltitle = {Doctoral Dissertations}
}

@book{featherstone_rigid_2008,
	author = {Featherstone, Roy},
	date = {2008},
	title = {Rigid Body Dynamics Algorithms},
	publisher = {Springer {US}}
}

@inproceedings{koenig_design_2004,
	author = {Koenig, N. and Howard, A.},
	year = {2004},
	title = {Design and use paradigms for Gazebo, an open-source multi-robot simulator},
	journaltitle = {2004 {IEEE}/{RSJ} International Conference on Intelligent Robots and Systems ({IROS}) ({IEEE} Cat. No.04CH37566)},
	volume = {3},
	pages = {2149--2154}
}

@online{noauthor_gazebo_nodate,
	title = {Gazebo web page},
	url = {http://gazebosim.org/},
}

@online{noauthor_rosorg_nodate,
	title = {{ROS}.org {\textbar} Powering the world's robots},
	url = {https://www.ros.org/},
}

@article{till_statics_2019,
	author = {Till, John},
	date = {2019},
	title = {On the Statics, Dynamics, and Stability of Continuum Robots: Model Formulations and Efficient Computational Schemes},
	journaltitle = {Doctoral Dissertations}
}